<record><leader>00000cas a2200000 a 4500</leader><controlfield tag="001">11891544</controlfield><controlfield tag="008">850408d18861887ksuwr ne      0   a0eng d</controlfield><datafield ind1=" " ind2=" " tag="010"><subfield code="a">sn 85031111 </subfield></datafield><datafield ind1=" " ind2=" " tag="040"><subfield code="a">KSH</subfield><subfield code="b">eng</subfield><subfield code="c">KSH</subfield><subfield code="d">NPT</subfield><subfield code="d">OCL</subfield><subfield code="d">OCLCQ</subfield></datafield><datafield ind1=" " ind2=" " tag="042"><subfield code="a">msc</subfield></datafield><datafield ind1="0" ind2=" " tag="130"><subfield code="a">Champion (McPherson, Kan.)</subfield></datafield><datafield ind1="1" ind2="4" tag="245"><subfield code="a">The champion.</subfield></datafield><datafield ind1=" " ind2=" " tag="260"><subfield code="a">M'Pherson [i.e. McPherson], Kan. :</subfield><subfield code="b">Sam Biddlecomb,</subfield><subfield code="c">1886-</subfield></datafield><datafield ind1=" " ind2=" " tag="300"><subfield code="a">v. ;</subfield><subfield code="c">52 cm.</subfield></datafield><datafield ind1=" " ind2=" " tag="310"><subfield code="a">Weekly</subfield></datafield><datafield ind1="0" ind2=" " tag="362"><subfield code="a">Vol. 2, no. 11 (July [29], 1886)-</subfield></datafield><datafield ind1="1" ind2=" " tag="362"><subfield code="a">Ceased with Jan. 21, 1887 issue?</subfield></datafield><datafield ind1=" " ind2=" " tag="500"><subfield code="a">"Prohibitionist."</subfield></datafield><datafield ind1=" " ind2=" " tag="515"><subfield code="a">July 29, 1886 issue and July 22, 1886 issue of McPherson County champion both numbered v. 2, no. 11.</subfield></datafield><datafield ind1=" " ind2=" " tag="752"><subfield code="a">United States</subfield><subfield code="b">Kansas</subfield><subfield code="c">McPherson</subfield><subfield code="d">McPherson.</subfield></datafield><datafield ind1="0" ind2="0" tag="780"><subfield code="t">McPherson County champion</subfield><subfield code="w">(DLC)sn 85031099</subfield></datafield><datafield ind1="0" ind2="0" tag="785"><subfield code="t">Kansas State register (McPherson, Kan.)</subfield><subfield code="w">(DLC)sn 85031113</subfield></datafield></record>